%Implementation
@misc{oraclehashtable_2017,
title={Hashtable (Java Platform SE 7 )},
url={https://docs.oracle.com/javase/7/docs/api/java/util/Hashtable.html},
journal={Docs.oracle.com}, author={Oracle},
year={2017}
},

@misc{oraclearrayList_2017,
  title={ArrayList (Java Platform SE 7 )},
  url={https://docs.oracle.com/javase/7/docs/api/java/util/ArrayList.html},
  journal={Docs.oracle.com},
  author={Oracle},
  year={2017}
}

@misc{googleapplication2017,
  author = "Google",
  title = "Application",
  url = "https://developer.android.com/reference/android/app/Application.html",
  howpublished = {Google [Online]},
  note = {[Accessed: 17 March 2017]},
  year = "2017"
}
@misc{realm2016,
  author = "Realm.io",
  title = "Dependency injection made simple",
  url = "https://realm.io/news/daniel-lew-dependency-injection-dagger/",
  howpublished = {Realm [Online]},
  year = "2016",
  month = "10",
  note = {[Accessed: 19 February 2017]}
}
@misc{googlesensormanager2017,
  author = "Google",
  title = "SensorManager",
  url = "https://developer.android.com/reference/android/hardware/SensorManager.html",
  howpublished = {Google [Online]},
  note = {[Accessed: 18 February 2017]},
  year = "2017"
}

%Development Methodologies
@misc{atlassian2017,
  author = "Atlassian",
  organization = "Atlassian",
  title = "Kanban the agile coach",
  url = "https://www.atlassian.com/agile/kanban",
  howpublished = {Atlassian [Online]},
  note = {[Accessed: 13 February 2017]},
  year = "2017"
}

@article{bhuvaneswari2013,
author = "T Bhuvaneswari and S Prabaharan",
journal = "IJCSMC",
number = "5",
pages = "262-267",
title = "International journal of computer science and mobile computing A survey on software development life cycle models",
url = "http://www.ijcsmc.com/docs/papers/May2013/V2I5201384.pdf",
volume = "2",
urldate = "2017-02-08",
year = "2013"
}

% Design Chapter References
@article{dinhle2015,
author = "Tuan Dinh Le and Chung Van Nguyen",
journal = "2015 2nd National Foundation for Science and Technology Development Conference on Information and Computer Science (NICS)",
doi = "10.1109/nics.2015.7302194",
isbn = "9781467366397",
pages = "219-224",
publisher = "Institute of Electrical and Electronics Engineers (IEEE)",
title = "Human activity recognition by smartphone",
year = "2015",
month = "09"
}
@article{wu2008,
author = "Xindong Wu and Vipin Kumar and J. Ross Quinlan and Joydeep Ghosh and Qiang Yang and Hiroshi Motoda and Geoffrey J. McLachlan and Angus Ng and Bing Liu and Philip S. Yu and Zhi-Hua Zhou and Michael Steinbach and David J. Hand and Dan Steinberg",
journal = "Knowledge and Information Systems",
doi = "10.1007/s10115-007-0114-2",
issn = "0219-1377",
number = "1",
pages = "1-37",
publisher = "Springer Science + Business Media",
title = "Top 10 algorithms in data mining",
volume = "14",
year = "2008"
}

@misc{google2017b,
  author = "Google",
  title = "Android design principles",
  url = "https://developer.android.com/design/get-started/principles.html",
  howpublished = {Google [Online]},
  note = {[Accessed: 5 February 2017]},
  year = "2017"
}

@misc{googleamaterialdesign,
  author = "Google",
  title = "Up and running with material design",
  url = "https://developer.android.com/design/index.html",
  howpublished = {Google [Online]},
  note = {[Accessed: 5 February 2017]},
  year = "2017"
}
@misc{googlemotionsensors,
  author = "Google",
  title = "Motion sensors",
  url = "https://developer.android.com/guide/topics/sensors/sensors\_motion.html",
  howpublished = {Google [Online]},
  note = {[Accessed: 31 January 2017]},
  year = "no date"
}
@book{witten2005,
author = "Ian H Witten and Eibe Frank",
edition = "2",
isbn = "9780120884070",
publisher = "Morgan Kaufmann Publishers",
address = "San Francisco, CA",
title = "Data mining: Practical machine learning tools and techniques, Second edition",
year = "2005",
month = "07",
day = "13"
}
@misc{googleservices2017,
  author = "Google",
  title = "Services",
  url = "https://developer.android.com/guide/components/services.html",
  howpublished = {Google [Online]},
  note = {[Accessed: 29 January 2017]},
  year = "2017"
}

@misc{googleactivity2017,
  author = "Google",
  title = "Activity",
  url = "https://developer.android.com/reference/android/app/Activity.html",
  howpublished = {Google [Online]},
  note = {[Accessed: 2 February 2017]},
  year = "2017"
}

@misc{googlefragments2017,
  author = "Google",
  title = "Fragments",
  url = "https://developer.android.com/guide/components/fragments.html",
  howpublished = {Google [Online]},
  note = {[Accessed: 2 February 2017]},
  year = "2017"
}

@misc{googleactivities2017a,
  author = "Google",
  title = "Activities",
  url = "https://developer.android.com/guide/components/activities/index.html",
  howpublished = {Google [Online]},
  note = {[Accessed: 29 January 2017]},
  year = "2017"
}
@misc{androiddevelopers2017,
  author = {{Android Developers}},
  title = {App components},
  url = "https://developer.android.com/guide/components/index.html",
  howpublished = {Android Developers [Online]},
  note = {[Accessed: 29 January 2017]},
  year = "2017"
}
@misc{realm2014,
  author = {Realm},
  title = {Realm for Android},
  url = "https://realm.io/news/realm-for-android/",
  howpublished = {Realm [Online]},
  year = "2014",
  month = "09",
  day = "29",
  note = {[Accessed: 29 January 2017]}
}
@article{syromiatnikov2014,
author = "Artem Syromiatnikov and Danny Weyns",
journal = "2014 IEEE/IFIP Conference on Software Architecture",
doi = "10.1109/wicsa.2014.13",
isbn = "9781479934126",
pages = "21 - 30",
publisher = "Institute of Electrical and Electronics Engineers (IEEE)",
title = "A journey through the land of model-view-design patterns",
year = "2014",
month = "04"
}
@article{zhang2010,
author = "Yang Zhang and Yanjing Luo",
journal = "2010 3rd International Conference on Computer Science and Information Technology",
doi = "10.1109/iccsit.2010.5565090",
isbn = "9781424455379",
pages = "532 - 536",
publisher = "Institute of Electrical and Electronics Engineers (IEEE)",
title = "An architecture and implement model for model-view-presenter pattern",
volume = "8",
year = "2010",
month = "07"
}
@article{williams2016,
author = "Rhiannon Williams",
journal = "The Telegraph",
publisher = "The Telegraph",
title = "Android roars back in strongest growth in two years, as iOS shrinks",
url = "http://www.telegraph.co.uk/technology/2016/05/17/android-roars-back-in-strongest-growth-in-two-years-as-apple-shr/",
urldate = "2017-01-21",
year = "2016",
month = "05",
day = "17"
}
@misc{androidstudio2017,
  author = "{Android Studio}",
  title = {Android studio the official IDE for Android},
  year = "2017",
  url = "https://developer.android.com/studio/index.html",
  howpublished = {Android Studio  [Online]},
  note = {[Accessed: 22 January 2017]}
}
% Specification Chapter References
@book{bell2005,
 author = "Douglas Bell",
 edition = "4",
 pages = "1-424",
 isbn = "9780321261274",
 publisher = "Addison-Wesley Educational Publishers",
 address = "New York",
 title = "Software engineering for students: A programming approach",
 year = "2005",
 month = "03",
 day = "03"
 }
 @book{sommerville2010,
author = "Ian Sommerville",
edition = "9",
isbn = "9780137035151",
pages = "1-773",
publisher = "Addison-Wesley Educational Publishers",
address = "Boston",
title = "Software engineering",
year = "2010",
month = "03",
day = "03"
}
% Literature Review Chapter References
@article{lee2016,
author = "Jin Lee and Jungsun Kim and Hindawi Publishing Corporation",
journal = "Mobile Information Systems",
doi = "10.1155/2016/2316757",
issn = "1574-017X",
publisher = "Hindawi Publishing",
title = "Energy-efficient real-time human activity recognition on smart mobile devices",
url = "https://www.hindawi.com/journals/misy/2016/2316757/",
volume = "2016",
urldate = "2017-01-24",
year = "2016",
month = "07",
day = "13"
}
@misc{alivecor2016,
  author = "{AliveCor}",
  title = "AliveCor",
  year = "2017",
  howpublished = {AliveCor [Online]},
  url = {https://www.alivecor.com/en/\#},
  note = {[Accessed: 15 January 2017]},
}

@article{anjum2013,
author = "A. Anjum and M. U. Ilyas",
journal = "2013 IEEE 10th Consumer Communications and Networking Conference (CCNC)",
doi = "10.1109/ccnc.2013.6488584",
isbn = "9781467331333",
pages = "914 - 919",
publisher = "Institute of Electrical and Electronics Engineers (IEEE)",
title = "Activity recognition using smartphone sensors",
year = "2013",
month = "01"
}
@article{ayu2012,
author = "Media Anugerah Ayu and Siti Aisyah Ismail and Ahmad Faridi Abdul Matin and Teddy Mantoro",
journal = "Procedia Engineering",
doi = "10.1016/j.proeng.2012.07.166",
pages = "224-229",
publisher = "Elsevier BV",
title = "A comparison study of Classifier Algorithms for mobile-phone's accelerometer based activity recognition",
url = "http://ac.els-cdn.com/S1877705812025520/1-s2.0-S1877705812025520-main.pdf?\_tid=8b4f47de-bdf4-11e6-90ab-00000aab0f02\&acdnat=1481277048\_fb45631774a873b52a538c52155ef29e",
volume = "41",
urldate = "2016-12-09",
year = "2012"
}
@article{bashir2016,
author = "Sulaimon A. Bashir and Daniel C. Doolan and Andrei Petrovski",
journal = "IAENG International Journal of Computer Science",
number = "1",
pages = "126-136",
title = "The Effect of Window Length on Accuracy of Smartphone-Based Activity Recognition",
volume = "43",
year = "2016"
}
@article{berchtold2010,
author = "Martin Berchtold and Matthias Budde and Dawud Gordon and Hedda R. Schmidtke and Michael Beigl",
journal = "International Symposium on Wearable Computers (ISWC) 2010",
doi = "10.1109/iswc.2010.5665868",
isbn = "9781424490462",
publisher = "Institute of Electrical and Electronics Engineers (IEEE)",
title = "ActiServ: Activity recognition service for mobile phones",
year = "2010",
month = "10"
}
@article{biswas2015,
author = "Aviroop Biswas and Paul I Oh and Guy E Faulkner and Ravi R Bajaj and Michael A Silver and Marc S Mitchell and David A Alter",
journal = "Annals of Internal Medicine",
doi = "10.7326/M14-1651",
issn = "0003-4819",
number = "2",
pages = "123-132",
publisher = "American College of Physicians",
title = "Sedentary time and disease incidence, mortality, and hospitalization",
url = "https://goo.gl/3bUxGf",
volume = "162",
urldate = "2016-11-10",
year = "2015",
month = "01",
day = "20"
}
@article{campbell2016,
  author = "{Denis Campbell}",
  journal = "The Guardian",
  publisher = "The Guardian",
  title = {NHS to offer free devices and apps to help people manage illnesses},
  url = "https://www.theguardian.com/society/2016/jun/17/nhs-to-offer-free-devices-and-apps-to-help-people-manage-illnesses",
  urldate = "2016-11-05",
  year = {2016},
  month = "06",
  day = "17"
}
@article{capela2016,
author = "N. A. Capela and E. D. Lemaire and N. Baddour and M. Rudolf and N. Goljar and H Burger",
journal = "Journal of NeuroEngineering and Rehabilitation",
doi = "10.1186/s12984-016-0114-0",
issn = "1743-0003",
number = "5",
pages = "1-10",
publisher = "Springer Nature",
title = "Evaluation of a smartphone human activity recognition application with able-bodied and stroke participants",
volume = "13",
year = "2016",
month = "01",
day = "20"
}
@incollection{cushing2011,
author = "Christopher C. Cushing and Ric G. Steele",
booktitle = "Behavioral Sport Psychology",
doi = "10.1007/978-1-4614-0070-7\_8",
isbn = "9781461400691",
pages = "127-141",
publisher = "Springer Science + Business Media",
title = "Establishing and maintaining physical exercise",
year = "2011"
}
@techreport{departmentofhealth2010,
  institution = {Department of Health},
  author = "{Department of Health}",
  title = "Sedentary behaviour and obesity: Review of the current scientific evidence",
  url = "https://www.gov.uk/government/uploads/system/uploads/attachment\_data/file/213745/dh\_128225.pdf",
  urldate = "2016-11-09",
  year = {2010}
}
@techreport{departmentofhealth2011,
  institution = {Department of Health},
  author = "{Department of Health}",
  title = "Start active, stay active A report on physical activity for health from the four home countries' chief medical officers",
  url = "http://www.bhfactive.org.uk/userfiles/Documents/startactivestayactive.pdf",
  urldate = "2016-11-13",
  year = {2011}
}
@misc{endomondo2017,
  author = "{Endomondo}",
  title = {Endomondo features},
  month = {January},
  year =  {2017},
  howpublished = {Endomondo [Online]},
  url = {https://www.endomondo.com/features},
  note = {[Accessed: 14 January 2017]}
}

@misc{fitnesskeeper2017,
  author = "{FitnessKeeper}",
  title = {Track your runs, walks and more with your iPhone or Android phone},
  month = {January},
  year = {2017},
  howpublished = {FitnessKeeper [Online]},
  url = {https://runkeeper.com/\#where-to-start-module},
  note = {[Accessed: 14 January 2017]}
}
@misc{googleinc2017,
  author = "{Google Inc.}",
  title = {Google fit - fitness tracking – Android Apps on Google play},
  month = {January},
  year = {2017},
  howpublished = {Google Inc. [Online]},
  url = "https://play.google.com/store/apps/details?id=com.google.android.apps.fitness",
  note = {[Accessed: 14 January 2017]}
}
@misc{googletrends,
  author = "{Google Trends}",
  month = {January},
  year = 2017,
  url = "https://www.google.com/trends/explore?date=all\&q=fitness\%20app\&hl=en-UK",
  howpublished = {Google Trends [Online]},
  note = {[Accessed: 15 January 2017]}
}
@misc{harvardthchanschoolofpublichealth2012,
  author = "{Harvard TH Chan School of Public Health}",
  title = "Measuring physical activity",
  url = "https://www.hsph.harvard.edu/nutritionsource/mets-activity-table/",
  urldate = "2016-11-09",
  year = "2012",
  month = "09",
  howpublished = {Harvard TH Chan School of Public Health [Online]},
  note = {[Accessed: 15 January 2017]}
}
@article{he2008,
author = "Zhen-Yu He and Lian-Wen Jin",
journal = "2008 International Conference on Machine Learning and Cybernetics",
doi = "10.1109/icmlc.2008.4620779",
isbn = "9781424420957",
pages = "2245 - 2250",
publisher = "Institute of Electrical and Electronics Engineers (IEEE)",
title = "Activity recognition from acceleration data using AR model representation and SVM",
year = "2008",
month = "07"
}
@misc{human2017,
  author = "{Human}",
  title = {All-day activity \& calorie tracker},
  month = {January},
  year = {2017},
  howpublished = {Human [Online]},
  url = "http://human.co/",
  note = {[Accessed: 14 January 2017]}
}
@article{kao2009,
author = "Tzu-Ping Kao and Che-Wei Lin and Jeen-Shing Wang",
journal = "2009 IEEE International Symposium on Industrial Electronics",
doi = "10.1109/isie.2009.5222001",
isbn = "9781424443475",
pages = "115-120",
publisher = "Institute of Electrical and Electronics Engineers (IEEE)",
title = "Development of a portable activity detector for daily activity recognition",
year = "2009",
month = "07"
}
@article{khusainov2013,
author = "Rinat Khusainov and Djamel Azzi and Ifeyinwa E Achumba and Sebastian D Bersch",
journal = "Sensors",
doi = "10.3390/s131012852",
number = "10",
pages = "12852-12902",
publisher = "Multidisciplinary Digital Publishing Institute",
title = "Real-time human Ambulation, activity, and physiological monitoring: Taxonomy of issues, techniques, applications, challenges and limitations",
url = "http://www.mdpi.com/1424-8220/13/10/12852",
volume = "13",
urldate = "2016-12-03",
year = "2013",
month = "09",
day = "25"
}
@book{labrador2013,
author = "Miguel A Labrador and Oscar Lara D Yejas",
isbn = "9781466588271",
pages = "1-185",
publisher = "Taylor \& Francis",
address = "Boca Raton",
title = "Human activity recognition: Using wearable sensors and smartphones",
year = "2013",
month = "12",
day = "02"
}
@article{lara2012,
author = "Oscar D. Lara and Miguel A. Labrador",
journal = "2012 IEEE Consumer Communications and Networking Conference (CCNC)",
doi = "10.1109/ccnc.2012.6181040",
isbn = "9781457720710",
pages = "38-39",
publisher = "Institute of Electrical and Electronics Engineers (IEEE)",
title = "A mobile human activity recognition system",
year = "2012",
month = "01",
day = "14"
}
@article{lara2013,
author = "Oscar D. Lara and Miguel A. Labrador",
journal = "IEEE Communications Surveys \& Tutorials",
doi = "10.1109/surv.2012.110112.00192",
issn = "1553-877X",
number = "3",
pages = "1192-1209",
publisher = "Institute of Electrical and Electronics Engineers (IEEE)",
title = "A survey on human activity recognition using Wearable sensors",
volume = "15",
year = "2013"
}
@article{lara2012a,
author = "{\' O}scar D. Lara and Alfredo J. P{\' e}rez and Miguel A. Labrador and Jos{\' e} D. Posada",
journal = "Pervasive and Mobile Computing",
doi = "10.1016/j.pmcj.2011.06.004",
number = "5",
pages = "717–729",
publisher = "Elsevier",
title = "Centinela: A human activity recognition system based on acceleration vital sign data",
url = "http://www.sciencedirect.com.ezproxy.rgu.ac.uk/science/article/pii/S1574119211000794",
volume = "8",
urldate = "2016-11-29",
year = "2012",
month = "10",
day = "01"
}
@article{locke2002,
author = "Edwin A. Locke and Gary P. Latham",
journal = "American Psychologist",
doi = "10.1037//0003-066x.57.9.705",
number = "9",
pages = "705-717",
publisher = "American Psychological Association (APA)",
title = "Building a practically useful theory of goal setting and task motivation: A 35-year odyssey",
url = "http://www-2.rotman.utoronto.ca/facbios/file/09\%20-\%20Locke\%20\&\%20Latham\%202002\%20AP.pdf",
volume = "57",
urldate = "2016-11-04",
year = "2002"
}
@misc{moderatormediator,
  author = "Adam Butler",
  title = "Moderator mediator",
  month = {January},
  year = {2017},
  howpublished = {Moderator mediator [Online]},
  url = "http://www.uni.edu/butlera/courses/org/modmed/moderator\_mediator.htm",
  note = {[Accessed: 14 January 2017]}
}
@online{mymhealthltd2016,
author = " My mHealth LTD",
title = "My mHealth",
url = "https://mymhealth.com/\#",
urldate = "2016-11-05",
year = "2016"
}
@article{networ2012,
author = "Sedentary Behaviour Research Networ",
journal = "Applied Physiology, Nutrition, and Metabolism",
doi = "10.1139/h2012-024",
issn = "1715-5312",
number = "3",
pages = "540-542",
publisher = "Canadian Science Publishing",
title = "Letter to the editor: Standardized use of the terms “sedentary” and “sedentary behaviours”",
volume = "37",
year = "2012",
month = "06"
}
@misc{nhsengland2016,
  author = "{NHS England}",
  title = "Health and high quality care for all, now and for future generations",
  url = {https://www.england.nhs.uk/2016/01/embracing-innovation/},
  year = {2017},
  howpublished = {NHS England [Online]},
  month = {January},
  note = {[Accessed: 15 January 2017]}
}
@misc{nhsengland2016a,
  author = "{NHS England}",
  title = "Health and high quality care for all, now and for future generations",
  url = {https://www.england.nhs.uk/ourwork/innovation/test-beds/diabetes-digital-coach/\#},
  howpublished = {NHS England [Online]},
  year = {2017},
  month = {January},
  note = {[Accessed: 15 January 2017]}
}
@misc{nhsengland2016b,
  author = "{NHS England}",
  title = {Health and high quality care for all, now and for future generations},
  url = {https://www.england.nhs.uk/ourwork/innovation/test-beds/\#},
  month = {January},
  year =  {2017},
  howpublished = {NHS England [Online]},
  note = {[Accessed: 15 January 2017]}
}

@article{parkinson2016,
author = "Caroline Parkinson",
journal = "BBC Health",
publisher = "BBC News",
title = "Hour's activity 'offsets sedentary day'",
url = "http://www.bbc.co.uk/news/health-36895789",
urldate = "2016-11-13",
year = "2016",
month = "07",
day = "27"
}
@inproceedings{paul2015,
author = "Pinky Paul and Thomas George",
booktitle = "2015 IEEE International Conference on Engineering and Technology (ICETECH)",
doi = "10.1109/icetech.2015.7275024",
isbn = "9781479918546",
pages = "1-3",
publisher = "Institute of Electrical and Electronics Engineers (IEEE)",
title = "An effective approach for human activity recognition on smartphone",
year = "2015",
month = "03"
}
@article{riboni2010,
author = "Daniele Riboni and Claudio Bettini",
journal = "Personal and Ubiquitous Computing",
doi = "10.1007/s00779-010-0331-7",
issn = "1617-4909",
number = "3",
pages = "271-289",
publisher = "Springer Nature",
title = "COSAR: Hybrid reasoning for context-aware activity recognition",
volume = "15",
year = "2010",
month = "08",
day = "14"
}
@article{roberts2006,
author = "Jean Roberts",
journal = "Pervasive health management and health management utilizing pervasive technologies: Synergy and issues",
number = "1",
pages = "6-14",
title = "Pervasive Health Management and Health Management Utilizing Pervasive Technologies: Synergy and Issues",
url = "http://www.jucs.org/jucs\_12\_1/pervasive\_health\_management\_and/jucs\_12\_01\_0006\_0014\_roberts.pdf",
volume = "12",
urldate = "2016-11-07",
year = "2006"
}
@article{sanders2016,
author = "James P Sanders and Adam Loveday and Natalie Pearson and Charlotte Edwardson and Thomas Yates and Stuart JH Biddle and Dale W Esliger",
journal = "J Med Internet Res",
doi = "10.2196/jmir.5373",
number = "5",
pages = "e90",
publisher = "JMIR Publications",
title = "Devices for self-monitoring sedentary time or physical activity: A Scoping review",
url = "https://www.jmir.org/article/viewFile/jmir\_v18i5e90/2",
volume = "18",
urldate = "2016-11-06",
year = "2016"
}
@article{shilts2004,
author = "MK Shilts and M Horowitz and  Townsend",
journal = "American journal of health promotion : AJHP.",
number = "2",
pages = "81-93",
title = "Goal setting as a strategy for dietary and physical activity behavior change: A review of the literature",
url = "https://www.ncbi.nlm.nih.gov/pubmed/15559708",
volume = "19",
urldate = "2016-11-17",
year = "2004",
month = "11",
day = "24"
}
@article{shoaib2015,
author = "Muhammad Shoaib and Stephan Bosch and Ozlem Incel and Hans Scholten and Paul Havinga",
journal = "Sensors",
doi = "10.3390/s150102059",
issn = "1424-8220",
number = "1",
pages = "2059-2085",
publisher = "MDPI AG",
title = "A survey of online activity recognition using mobile phones",
volume = "15",
year = "2015",
month = "01",
day = "19"
}
@article{shuger2011,
author = "SL Shuger and VW Barry and X Sui and A McClain and GA Hand and S Wilcox and RA Meriwether and JW Hardin and SN Blair",
journal = "The international journal of behavioral nutrition and physical activity.",
number = "41",
pages = "1-8",
title = "Electronic feedback in a diet- and physical activity-based lifestyle intervention for weight loss: A randomized controlled trial",
url = "https://www.ncbi.nlm.nih.gov/pubmed/21592351",
volume = "8",
urldate = "2016-11-08",
year = "2011",
month = "05",
day = "20"
}
@article{siddique2016,
author = "Haroon Siddique",
journal = "The Guardian",
publisher = "The Guardian",
title = "One hour of activity needed to offset harmful effects of sitting at a desk",
url = "https://www.theguardian.com/lifeandstyle/2016/jul/27/health-risk-one-hour-activity-offset-eight-hours-sitting-desk",
urldate = "2016-11-13",
year = "2016",
month = "07",
day = "27"
}
@article{strecher1995,
author = "V. J. Strecher and G. H. Seijts and G. J. Kok and G. P. Latham and R. Glasgow and B. DeVellis and R. M. Meertens and D. W. Bulger",
journal = "Health Education \& Behavior",
doi = "10.1177/109019819502200207",
issn = "1090-1981",
number = "2",
pages = "190-200",
publisher = "SAGE Publications",
title = "Goal setting as a strategy for health behavior change",
volume = "22",
year = "1995",
month = "07",
day = "01"
}
@article{swartz2011,
author = "Ann M Swartz and Leah Squires and Scott J Strath",
journal = "International Journal of Behavioral Nutrition and Physical Activity",
doi = "10.1186/1479-5868-8-69",
issn = "1479-5868",
number = "69",
publisher = "Springer Nature",
title = "Energy expenditure of interruptions to sedentary behavior",
volume = "8",
year = "2011"
}
@article{swinford2014,
author = "Steven Swinford",
journal = "The Telegraph",
publisher = "Telegraph.co.uk",
title = "Britain becomes 'sedentary nation' as people give up walking",
url = "http://www.telegraph.co.uk/finance/newsbysector/transport/10998536/Britain-becomes-sedentary-nation-as-people-give-up-walking.html",
urldate = "2016-11-10",
year = "2014",
month = "07",
day = "30"
}
@article{tapia2007,
author = "Emmanuel Munguia Tapia and Stephen S. Intille and William Haskell and Kent Larson and Julie Wright and Abby King and Robert Friedman",
journal = "2007 11th IEEE International Symposium on Wearable Computers",
doi = "10.1109/iswc.2007.4373774",
publisher = "Institute of Electrical and Electronics Engineers (IEEE)",
title = "Real-time recognition of physical activities and their intensities using wireless accelerometers and a heart rate monitor",
url = "http://www.ccs.neu.edu/home/intille/papers-files/MunguiaTapiaIntilleETAL07.pdf",
urldate = "2016-12-07",
year = "2007"
}
@incollection{torreshuitzil2015b,
author = "Cesar Torres-Huitzil and Andres Alvarez-Landero",
booktitle = "Springer Series in Bio-/Neuroinformatics",
doi = "10.1007/978-3-319-12817-7\_7",
isbn = "9783319128160",
issn = "2193-9349",
pages = "147-169",
publisher = "Springer Nature",
title = "Accelerometer-based human activity recognition in Smartphones for healthcare services",
year = "2015"
}
@inproceedings{torreshuitzil2015a,
author = "Cesar Torres-Huitzil and Marco Nuno-Maganda",
booktitle = "2015 IEEE 6th Latin American Symposium on Circuits \& Systems (LASCAS)",
doi = "10.1109/lascas.2015.7250435",
isbn = "9781479983322",
pages = "1 - 4",
publisher = "Institute of Electrical and Electronics Engineers (IEEE)",
title = "Robust smartphone-based human activity recognition using a tri-axial accelerometer",
year = "2015",
month = "02"
}
@techreport{torresreyna2012,
  institution = {Princeton University},
  author = "Oscar Torres-Reyna",
  title = "Time series",
  url = "https://www.princeton.edu/~otorres/TS101.pdf",
  urldate = "2016-11-30",
  year = {2012}
}
@book{townsend2015,
author = "Nick Townsend and Kremlin Wickramasinghe and Julianne Williams",
isbn = "9781899088270",
pages = "1-124",
publisher = "British Heart Foundation",
address = "United Kingdom",
title = "Physical activity statistics 2015",
year = "2015",
month = "01",
day = "28"
}
@article{turnermcgrievy2013,
author = "G Turner-McGrievy and M Beets and J Moore and A Kaczynski and D Anderson and D Tate",
journal = "Research and applications",
doi = "10.1136/amiajnl-2012-001510",
issn = "1527-974X",
number = "3",
pages = "513-518",
publisher = "Journal of the American Medical Informatics Association",
title = "Comparison of traditional versus mobile app self-monitoring of physical activity and dietary intake among overweight adults participating in an mHealth weight loss program",
url = "http://jamia.oxfordjournals.org/content/jaminfo/20/3/513.full.pdf",
volume = "20",
urldate = "2016-11-08",
year = "2013",
month = "05",
day = "01"
}
@article{wang2015,
author = "Chi Wang and Wei Zhang",
journal = "2015 8th International Symposium on Computational Intelligence and Design (ISCID)",
doi = "10.1109/iscid.2015.51",
isbn = "9781467395861",
pages = "267 - 270",
publisher = "Institute of Electrical and Electronics Engineers (IEEE)",
title = "Activity recognition based on Smartphone and dual-tree complex Wavelet transform",
year = "2015",
month = "12"
}
@article{whitehead2016,
author = "Lisa Whitehead and Philippa Seaton",
journal = "Journal of Medical Internet Research",
doi = "10.2196/jmir.4883",
number = "5",
pages = "97",
publisher = "Journal of Medical Internet Research",
title = "The effectiveness of self-management mobile phone and tablet Apps in long-term condition management: A systematic review",
url = "https://www.jmir.org/2016/5/e97/",
volume = "18",
urldate = "2016-12-13",
year = "2016"
}
@article{williams2011,
author = "SL Williams and DP French",
journal = "Health education research.",
number = "2",
pages = "308-22",
title = "What are the most effective intervention techniques for changing physical activity self-efficacy and physical activity behaviour--and are they the same?",
url = "https://www.ncbi.nlm.nih.gov/pubmed/21321008",
volume = "26",
urldate = "2016-11-18",
year = "2011",
month = "02",
day = "16"
}
@article{wilmot2012,
author = "E. G. Wilmot and C. L. Edwardson and F. A. Achana and M. J. Davies and T. Gorely and L. J. Gray and K. Khunti and T. Yates and S. J. H. Biddle",
journal = "Diabetologia",
doi = "10.1007/s00125-012-2677-z",
issn = "0012-186X",
number = "11",
pages = "2895-2905",
publisher = "Springer Science + Business Media",
title = "Sedentary time in adults and the association with diabetes, cardiovascular disease and death: Systematic review and meta-analysis",
volume = "55",
year = "2012",
month = "08",
day = "14"
}
@online{zephyr2016,
author = " Zephyr",
title = "Zephyr - Zephyr BioHarness",
url = "http://www.zephyr-technology.nl/en/product/71/zephyr-bioharness.html",
urldate = "2016-11-29",
year = "2016"
}
